@online{alg-mak-1,
	title     = {Algoritmos de ordenación – 1. Algoritmos de ordenación},
	author    = {makigas.es},
	publisher = {YouTube},
	year      = {2013},
	month     = {12},
	day       = {23},
	url       = {https://www.youtube.com/watch?v=nqusvWZiL8M},
	urldate   = {2020-01-18}
}
